@book{koza92,
		author    = "Koza, John R.",
		title     = "Genetic Programming: On the Programming of Computers by Means of Natural Selection",
		publisher = "MIT Press",
		year      = "1992"
}


@misc{ wiki:latex,
       author = "Wikipedia",
       title = "LaTeX --- Wikipedia{,} La enciclopedia libre",
       year = "2015",
       url = "https://es.wikipedia.org/w/index.php?title=LaTeX&oldid=84209252",
       note = "[Internet; descargado 30-septiembre-2015]"
}


@article{cervone2011understanding,
  title={Understanding agile project management methods using Scrum},
  author={Cervone, H Frank},
  journal={OCLC Systems \& Services: International digital library perspectives},
  year={2011},
  publisher={Emerald Group Publishing Limited}
}

@misc{danradigan2021, title={El backlog del producto: la lista de tareas pendientes definitiva}, url={https://www.atlassian.com/es/agile/scrum/backlogs}, journal={ATLASSIAN Agile Coach}, author={Dan Radigan}, year={2021}
}

@misc{julioroche_2020, title={Scrum: roles y responsabilidades}, url={https://www2.deloitte.com/es/es/pages/technology/articles/roles-y-responsabilidades-scrum.html}, journal={Deloitte}, author={Julio Roche}, year={2020}
}  