@book{koza92,
		author    = "Koza, John R.",
		title     = "Genetic Programming: On the Programming of Computers by Means of Natural Selection",
		publisher = "MIT Press",
		year      = "1992"
}


@misc{ wiki:latex,
       author = "Wikipedia",
       title = "LaTeX --- Wikipedia{,} La enciclopedia libre",
       year = "2015",
       url = "https://es.wikipedia.org/w/index.php?title=LaTeX&oldid=84209252",
       note = "[Internet; descargado 30-septiembre-2015]"
}


@article{cervone2011understanding,
  title={Understanding agile project management methods using Scrum},
  author={Cervone, H Frank},
  journal={OCLC Systems \& Services: International digital library perspectives},
  year={2011},
  publisher={Emerald Group Publishing Limited}
}

@misc{danradigan2021, title={El backlog del producto: la lista de tareas pendientes definitiva}, url={https://www.atlassian.com/es/agile/scrum/backlogs}, journal={ATLASSIAN Agile Coach}, author={Dan Radigan}, year={2021}
}

@misc{julioroche_2020, title={Scrum: roles y responsabilidades}, url={https://www2.deloitte.com/es/es/pages/technology/articles/roles-y-responsabilidades-scrum.html}, journal={Deloitte}, author={Julio Roche}, year={2020}
}  

@article{wu2018self,
  title={Self-training semi-supervised classification based on density peaks of data},
  author={Wu, Di and Shang, Mingsheng and Luo, Xin and Xu, Ji and Yan, Huyong and Deng, Weihui and Wang, Guoyin},
  journal={Neurocomputing},
  volume={275},
  pages={180--191},
  year={2018},
  publisher={Elsevier}
}

@inproceedings{blum1998combining,
  title={Combining labeled and unlabeled data with co-training},
  author={Blum, Avrim and Mitchell, Tom},
  booktitle={Proceedings of the eleventh annual conference on Computational learning theory},
  pages={92--100},
  year={1998}
}

@article{zhou2005tri,
  title={Tri-training: Exploiting unlabeled data using three classifiers},
  author={Zhou, Zhi-Hua and Li, Ming},
  journal={IEEE Transactions on knowledge and Data Engineering},
  volume={17},
  number={11},
  pages={1529--1541},
  year={2005},
  publisher={IEEE}
}

@inproceedings{zhou2004democratic,
  title={Democratic co-learning},
  author={Zhou, Yan and Goldman, Sally},
  booktitle={16th IEEE International Conference on Tools with Artificial Intelligence},
  pages={594--602},
  year={2004},
  organization={IEEE}
}

@article{liu2002issues,
  title={On issues of instance selection},
  author={Liu, Huan and Motoda, Hiroshi},
  journal={Data Mining and Knowledge Discovery},
  volume={6},
  number={2},
  pages={115},
  year={2002},
  publisher={Springer Nature BV}
}

@inproceedings{jankowski2004comparison,
  title={Comparison of instances seletion algorithms I. algorithms survey},
  author={Jankowski, Norbert and Grochowski, Marek},
  booktitle={International conference on artificial intelligence and soft computing},
  pages={598--603},
  year={2004},
  organization={Springer}
}

@inproceedings{grochowski2004comparison,
  title={Comparison of instance selection algorithms II. Results and comments},
  author={Grochowski, Marek and Jankowski, Norbert},
  booktitle={International Conference on Artificial Intelligence and Soft Computing},
  pages={580--585},
  year={2004},
  organization={Springer}
}

@article{hart1968condensed,
  title={The condensed nearest neighbor rule (corresp.)},
  author={Hart, Peter},
  journal={IEEE transactions on information theory},
  volume={14},
  number={3},
  pages={515--516},
  year={1968},
  publisher={Citeseer}
}

@article{gates1972reduced,
  title={The reduced nearest neighbor rule (corresp.)},
  author={Gates, Geoffrey},
  journal={IEEE transactions on information theory},
  volume={18},
  number={3},
  pages={431--433},
  year={1972},
  publisher={IEEE}
}

@article{brighton2002advances,
  title={Advances in instance selection for instance-based learning algorithms},
  author={Brighton, Henry and Mellish, Chris},
  journal={Data mining and knowledge discovery},
  volume={6},
  number={2},
  pages={153--172},
  year={2002},
  publisher={Springer}
}

@article{barandela2005decision,
  title={Decision boundary preserving prototype selection for nearest neighbor classification},
  author={Barandela, Ricardo and Ferri, Francesc J and S{\'a}nchez, J Salvador},
  journal={International Journal of Pattern Recognition and Artificial Intelligence},
  volume={19},
  number={06},
  pages={787--806},
  year={2005},
  publisher={World Scientific}
}

@inproceedings{blum1998combining,
  title={Combining labeled and unlabeled data with co-training},
  author={Blum, Avrim and Mitchell, Tom},
  booktitle={Proceedings of the eleventh annual conference on Computational learning theory},
  pages={92--100},
  year={1998}
}

@article{zhou2005tri,
  title={Tri-training: Exploiting unlabeled data using three classifiers},
  author={Zhou, Zhi-Hua and Li, Ming},
  journal={IEEE Transactions on knowledge and Data Engineering},
  volume={17},
  number={11},
  pages={1529--1541},
  year={2005},
  publisher={IEEE}
}

@inproceedings{zhou2004democratic,
  title={Democratic co-learning},
  author={Zhou, Yan and Goldman, Sally},
  booktitle={16th IEEE International Conference on Tools with Artificial Intelligence},
  pages={594--602},
  year={2004},
  organization={IEEE}
}

@article{wilson2000reduction,
  title={Reduction techniques for instance-based learning algorithms},
  author={Wilson, D Randall and Martinez, Tony R},
  journal={Machine learning},
  volume={38},
  number={3},
  pages={257--286},
  year={2000},
  publisher={Springer}
}

@article{LI2019104895,
title = {A self-training method based on density peaks and an extended parameter-free local noise filter for k nearest neighbor},
journal = {Knowledge-Based Systems},
volume = {184},
pages = {104895},
year = {2019},
issn = {0950-7051},
doi = {https://doi.org/10.1016/j.knosys.2019.104895},
url = {https://www.sciencedirect.com/science/article/pii/S0950705119303582},
author = {Junnan Li and Qingsheng Zhu and Quanwang Wu},
}

@article{WU2018180,
title = {Self-training semi-supervised classification based on density peaks of data},
journal = {Neurocomputing},
volume = {275},
pages = {180-191},
year = {2018},
issn = {0925-2312},
doi = {https://doi.org/10.1016/j.neucom.2017.05.072},
url = {https://www.sciencedirect.com/science/article/pii/S0925231217309608},
author = {Di Wu and Mingsheng Shang and Xin Luo and Ji Xu and Huyong Yan and Weihui Deng and Guoyin Wang},
}

@ARTICLE{720574,  author={},  journal={IEEE Std 830-1998},   title={IEEE 
Recommended Practice for Software Requirements Specifications},   year={1998},  
volume={},  number={},  pages={1-40},  doi={10.1109/IEEESTD.1998.88286}}

@ARTICLE{IEEE1220722020,  author={},  journal={IEEE Std 12207-2-2020},   title={Systems and software engineering--Software life cycle processes--Part 2: Relation and mapping between ISO/IEC/IEEE 12207:2017 and ISO/IEC 12207:2008},   year={2020},  volume={},  number={}}

 @misc{ingenieriasoftwareytiemporeal_2020, title={IEEE830-ESP - ctr.unican.es}, url={https://ctr.unican.es/asignaturas/is1/IEEE830_esp.pdf}, journal={ISTR - Ingeniería Software y Tiempo Real}, author={Ingeniería Software y Tiempo Real, ISTR}, year={2020}} 

 @misc{pythonGetIt, title={Python Download}, url={https://www.python.org/getit/}}

 @misc{gitkraken, title={GitKraken}, url={https://www.gitkraken.com/}}

 @misc{VSCode, title={Visual Studio Code}, url= {https://code.visualstudio.com/}}

 @misc{PyCharm, title={PyCharm}, url= {https://www.jetbrains.com/pycharm/}}

 @misc{VSCode-Remote-SSH, title={Remote SSH}, url={https://marketplace.visualstudio.com/items?itemName=ms-vscode-remote.remote-ssh}}

 @misc{Remote-Development-Tricks-Tips, title={Remote Development Tips and Tricks}, url={https://code.visualstudio.com/docs/remote/troubleshooting#_installing-a-supported-ssh-client}, year={2022}, author={Microsoft}}

 @article{leyva2015three,
  title={Three new instance selection methods based on local sets: A comparative study with several approaches from a bi-objective perspective},
  author={Leyva, Enrique and Gonz{\'a}lez, Antonio and P{\'e}rez, Ra{\'u}l},
  journal={Pattern Recognition},
  volume={48},
  number={4},
  pages={1523--1537},
  year={2015},
  publisher={Elsevier}
}

@misc{Travis-CI-LOG-UBUMLaaS, title={Travis-CI UBUMLaaS}, url={https://app.travis-ci.com/github/dpr1005/UBUMLaaS}}
