@book{koza92,
  author    = {Koza, John R.},
  title     = {Genetic Programming: On the Programming of Computers by Means of Natural Selection},
  publisher = {MIT Press},
  year      = {1992}
}


@misc{IBM-WhatisDataMining,
  title   = {What is Data Mining?},
  url     = {https://www.ibm.com/cloud/learn/data-mining},
  journal = {IBM},
  author  = {IBM Cloud Education},
  year = {2021}
}


@article{bortolot2005,
  title     = {Estimating forest biomass using small footprint LiDAR data: An individual tree-based approach that incorporates training data},
  author    = {Bortolot, Zachary J and Wynne, Randolph H},
  journal   = {ISPRS Journal of Photogrammetry and Remote Sensing},
  volume    = {59},
  number    = {6},
  pages     = {342--360},
  year      = {2005},
  publisher = {Elsevier}
}


@incollection{KOTU201517,
  title     = {Chapter 2 - Data Mining Process},
  editor    = {Vijay Kotu and Bala Deshpande},
  booktitle = {Predictive Analytics and Data Mining},
  publisher = {Morgan Kaufmann},
  address   = {Boston},
  pages     = {17-36},
  year      = {2015},
  isbn      = {978-0-12-801460-8},
  doi       = {https://doi.org/10.1016/B978-0-12-801460-8.00002-1},
  url       = {https://www.sciencedirect.com/science/article/pii/B9780128014608000021},
  author    = {Vijay Kotu and Bala Deshpande},
  keywords  = {CRISP, KDD, data mining process, prior knowledge, modeling, data preparation, evaluation, application},
  abstract  = {Successfully uncovering patterns using data mining is an iterative process. Chapter 2 provides a framework to solve the data mining problem. The five-step process outlined in this chapter provides guidelines on gathering subject matter expertise; exploring the data with statistics and visualization; building a model using data mining algorithms; testing the model and deploying it in a production environment; and finally reflecting on new knowledge gained in the cycle. Over the years of evolution of data mining practices, different frameworks for the data mining process have been put forward by various academic and commercial bodies, like the Cross Industry Standard Process for Data Mining, knowledge discovery in databases, etc. These data mining frameworks exhibit common characteristics and hence we will be using a generic framework closely resembling the CRISP process.}
}


@inproceedings{Chapman2000CRISPDM1S,
  title  = {CRISP-DM 1.0: Step-by-step data mining guide},
  author = {Peter Chapman and Janet Clinton and Randy Kerber and Tom Khabaza and Thomas P. Reinartz and Colin Shearer and Richard Wirth},
  year   = {2000}
}


@article{CRAVEN1997211,
title = {Using neural networks for data mining},
journal = {Future Generation Computer Systems},
volume = {13},
number = {2},
pages = {211-229},
year = {1997},
note = {Data Mining},
issn = {0167-739X},
doi = {https://doi.org/10.1016/S0167-739X(97)00022-8},
url = {https://www.sciencedirect.com/science/article/pii/S0167739X97000228},
author = {Mark W. Craven and Jude W. Shavlik},
keywords = {Machine learning, Neural networks, Rule extraction, Comprehensible models, Decision trees, Perceptrons},
abstract = {Neural networks have been successfully applied in a wide range of supervised and unsupervised learning applications. Neural-network methods are not commonly used for data-mining tasks, however, because they often produce incomprehensible models and require long training times. In this article, we describe neural-network learning algorithms that are able to produce comprehensible models, and that do not require excessive training times. Specifically, we discuss two classes of approaches for data mining with neural networks. The first type of approach, often called rule extraction, involves extracting symbolic models from trained neural networks. The second approach is to directly learn simple, easy-to-understand networks. We argue that, given the current state-of-the-art, neural-network methods deserve a place in the tool boxes of data-mining specialists.}
}


@article{hand2007principles,
  title={Principles of data mining},
  author={Hand, David J},
  journal={Drug safety},
  volume={30},
  number={7},
  pages={621--622},
  year={2007},
  publisher={Springer}
}


@inproceedings{guo2003knn,
  title={KNN model-based approach in classification},
  author={Guo, Gongde and Wang, Hui and Bell, David and Bi, Yaxin and Greer, Kieran},
  booktitle={OTM Confederated International Conferences On the Move to Meaningful Internet Systems},
  pages={986--996},
  year={2003},
  organization={Springer}
}


@misc{sanchez_2020, title={¿Cómo aprenden las máquinas? Machine Learning y sus diferentes tipos}, url={https://datos.gob.es/es/blog/como-aprenden-las-maquinas-machine-learning-y-sus-diferentes-tipos}, journal={¿Cómo aprenden las máquinas? machine learning y sus diferentes tipos}, publisher={Gobierno de España}, author={Sanchez, Jose Antonio}, year={2020}, month={Aug}
} 
 
@misc{technovert_2020, title={Introduction to machine learning}, url={https://technovert.com/introduction-to-machine-learning}, journal={Technovert}, author={Technovert}, year={2020}
}

@article{learned2014introduction,
  title={Introduction to supervised learning},
  author={Learned-Miller, Erik G},
  journal={I: Department of Computer Science, University of Massachusetts},
  year={2014}
}

@misc{supervised_learning_mathworks_inc, title={Supervised Learning}, url={https://www.mathworks.com/discovery/supervised-learning.html}, journal={MATLAB & Simulink}, author={Mathworks Inc}
}

@article{bengio2012unsupervised,
  title={Unsupervised feature learning and deep learning: A review and new perspectives},
  author={Bengio, Yoshua and Courville, Aaron C and Vincent, Pascal},
  journal={CoRR, abs/1206.5538},
  volume={1},
  pages={2012},
  year={2012}
}

@misc{unsupervised_learning_clustering, title={Clustering in Unsupervised Machine Learning}, url={https://www.section.io/engineering-education/clustering-in-unsupervised-ml/}, journal={Section}, author={Onesmus Mbaabu}
} 

@article{li2002unsupervised,
  title={Unsupervised learning with mixed numeric and nominal data},
  author={Li, Cen and Biswas, Gautam},
  journal={IEEE Transactions on Knowledge and Data Engineering},
  volume={14},
  number={4},
  pages={673--690},
  year={2002},
  publisher={IEEE}
}

@incollection{zhou2014semi,
  title={Semi-supervised learning},
  author={Zhou, Xueyuan and Belkin, Mikhail},
  booktitle={Academic Press Library in Signal Processing},
  volume={1},
  pages={1239--1269},
  year={2014},
  publisher={Elsevier}
}

@misc{javatpoint_semisupervised, title={Introduction to Semi-Supervised Learning - Javatpoint}, url={https://www.javatpoint.com/semi-supervised-learning}, journal={www.javatpoint.com}, author={JavaTPoint}
} 

@article{thekumparampil2018attention,
  title={Attention-based graph neural network for semi-supervised learning},
  author={Thekumparampil, Kiran K and Wang, Chong and Oh, Sewoong and Li, Li-Jia},
  journal={arXiv preprint arXiv:1803.03735},
  year={2018}
}

@article{olvera2010review,
  title={A review of instance selection methods},
  author={Olvera-L{\'o}pez, J Arturo and Carrasco-Ochoa, J Ariel and Mart{\'\i}nez-Trinidad, J Francisco and Kittler, Josef},
  journal={Artificial Intelligence Review},
  volume={34},
  number={2},
  pages={133--143},
  year={2010},
  publisher={Springer}
}

@article{wilson1972asymptotic,
  title={Asymptotic properties of nearest neighbor rules using edited data},
  author={Wilson, Dennis L},
  journal={IEEE Transactions on Systems, Man, and Cybernetics},
  number={3},
  pages={408--421},
  year={1972},
  publisher={IEEE}
}

@article{hart1968condensed,
  title={The condensed nearest neighbor rule (corresp.)},
  author={Hart, Peter},
  journal={IEEE transactions on information theory},
  volume={14},
  number={3},
  pages={515--516},
  year={1968},
  publisher={Citeseer}
}

@article{gates1972reduced,
  title={The reduced nearest neighbor rule (corresp.)},
  author={Gates, Geoffrey},
  journal={IEEE transactions on information theory},
  volume={18},
  number={3},
  pages={431--433},
  year={1972},
  publisher={IEEE}
}

@article{brighton2002advances,
  title={Advances in instance selection for instance-based learning algorithms},
  author={Brighton, Henry and Mellish, Chris},
  journal={Data mining and knowledge discovery},
  volume={6},
  number={2},
  pages={153--172},
  year={2002},
  publisher={Springer}
}

@article{barandela2005decision,
  title={Decision boundary preserving prototype selection for nearest neighbor classification},
  author={Barandela, Ricardo and Ferri, Francesc J and S{\'a}nchez, J Salvador},
  journal={International Journal of Pattern Recognition and Artificial Intelligence},
  volume={19},
  number={06},
  pages={787--806},
  year={2005},
  publisher={World Scientific}
}

@article{ritter1975algorithm,
  title={An algorithm for a selective nearest neighbor decision rule (corresp.)},
  author={Ritter, G and Woodruff, H and Lowry, S and Isenhour, T},
  journal={IEEE Transactions on Information Theory},
  volume={21},
  number={6},
  pages={665--669},
  year={1975},
  publisher={IEEE}
}

@article{wilfong1992nearest,
  title={Nearest neighbor problems},
  author={Wilfong, Gordon},
  journal={International Journal of Computational Geometry \& Applications},
  volume={2},
  number={04},
  pages={383--416},
  year={1992},
  publisher={World Scientific}
}

@misc{mlpipeline2018, title={AutoML for building simple to complex ML pipelines}, url={https://hub.packtpub.com/automl-build-machine-learning-pipeline-tutorial/}, journal={Packt Hub}, author={Sunith Shetty}, year={2018}, month={Sep}
} 

@article{palmer2011data,
  title={Data mining: Machine learning and statistical techniques},
  author={Palmer, Alfonso and Jim{\'e}nez, Rafael and Gervilla, Elena},
  journal={Knowledge-Oriented Applications in Data Mining, Prof. Kimito Funatsu (Ed.)},
  pages={373--396},
  year={2011}
}

@book{potomac1999introduction,
  title={Introduction to data mining and knowledge discovery},
  author={Potomac Two Crows Corporation},
  year={1999},
  publisher={Two Crows}
}

@inproceedings{blum1998combining,
  title={Combining labeled and unlabeled data with co-training},
  author={Blum, Avrim and Mitchell, Tom},
  booktitle={Proceedings of the eleventh annual conference on Computational learning theory},
  pages={92--100},
  year={1998}
}


@inproceedings{ghahramani1994supervised,
  title={Supervised learning from incomplete data via an EM approach},
  author={Ghahramani, Zoubin and Jordan, Michael I},
  booktitle={Advances in neural information processing systems},
  pages={120--127},
  year={1994}
}

@inproceedings{ratsaby1995learning,
  title={Learning from a mixture of labeled and unlabeled examples with parametric side information},
  author={Ratsaby, Joel and Venkatesh, Santosh S},
  booktitle={Proceedings of the eighth annual conference on Computational learning theory},
  pages={412--417},
  year={1995}
}

@article{zhou2005tri,
  title={Tri-training: Exploiting unlabeled data using three classifiers},
  author={Zhou, Zhi-Hua and Li, Ming},
  journal={IEEE Transactions on knowledge and Data Engineering},
  volume={17},
  number={11},
  pages={1529--1541},
  year={2005},
  publisher={IEEE}
}

@article{dasgupta2002pac,
  title={PAC generalization bounds for co-training},
  author={Dasgupta, Sanjoy and Littman, Michael L and McAllester, David},
  journal={Advances in neural information processing systems},
  volume={1},
  pages={375--382},
  year={2002},
  publisher={MIT; 1998}
}

@article{triguero2015self,
  title={Self-labeled techniques for semi-supervised learning: taxonomy, software and empirical study},
  author={Triguero, Isaac and Garc{\'\i}a, Salvador and Herrera, Francisco},
  journal={Knowledge and Information systems},
  volume={42},
  number={2},
  pages={245--284},
  year={2015},
  publisher={Springer}
}

@article{jesper2020survey,
author = {Engelen, Jesper and Hoos, Holger},
year = {2020},
month = {02},
pages = {},
title = {A survey on semi-supervised learning},
volume = {109},
journal = {Machine Learning},
doi = {10.1007/s10994-019-05855-6}
}

@inproceedings{yarowsky1995unsupervised,
  title={Unsupervised word sense disambiguation rivaling supervised methods},
  author={Yarowsky, David},
  booktitle={33rd annual meeting of the association for computational linguistics},
  pages={189--196},
  year={1995}
}

@article{dempster1977maximum,
  title={Maximum likelihood from incomplete data via the EM algorithm},
  author={Dempster, Arthur P and Laird, Nan M and Rubin, Donald B},
  journal={Journal of the Royal Statistical Society: Series B (Methodological)},
  volume={39},
  number={1},
  pages={1--22},
  year={1977},
  publisher={Wiley Online Library}
}

@inproceedings{zhou2004democratic,
  title={Democratic co-learning},
  author={Zhou, Yan and Goldman, Sally},
  booktitle={16th IEEE International Conference on Tools with Artificial Intelligence},
  pages={594--602},
  year={2004},
  organization={IEEE}
}

@article{wilson2000reduction,
  title={Reduction techniques for instance-based learning algorithms},
  author={Wilson, D Randall and Martinez, Tony R},
  journal={Machine learning},
  volume={38},
  number={3},
  pages={257--286},
  year={2000},
  publisher={Springer}
}


@misc{queespython, title={Para qué sirve Python: qué es y usos}, url={https://www.universia.net/es/actualidad/orientacion-academica/para-que-sirve-phyton-que-es-y-usos-1154393.html}, journal={Section}, author={Universia}
} 

@misc{pythonLICENSE, title={History and License}, url={https://docs.python.org/3/license.html}, journal={Section}, author={Python Software Foundation}
} 

@misc{julioroche_2020, title={Scrum: roles y responsabilidades}, url={https://www2.deloitte.com/es/es/pages/technology/articles/roles-y-responsabilidades-scrum.html}, journal={Deloitte}, author={Julio Roche}, year={2020}
}  

@misc{danradigan2021, title={El backlog del producto: la lista de tareas pendientes definitiva}, url={https://www.atlassian.com/es/agile/scrum/backlogs}, journal={ATLASSIAN Agile Coach}, author={Dan Radigan}, year={2021}
}

@article{cervone2011understanding,
  title={Understanding agile project management methods using Scrum},
  author={Cervone, H Frank},
  journal={OCLC Systems \& Services: International digital library perspectives},
  year={2011},
  publisher={Emerald Group Publishing Limited}
}

@misc{pyplindex, title={PYPL PopularitY of Programming Language}, url={https://pypl.github.io/PYPL.html},
  author={Pierre Carbonnelle}, journal={Github}
}

@misc{pep8javatpoint, title={PEP 8 in Python | what is the purpose of PEP 8 in Python?}, url={https://www.javatpoint.com/pep-8-in-python}
}

@book{rossum_warsaw_coghlan, volume={8}, url={https://www.python.org/dev/peps/pep-0008/}, journal={Style Guide for Python Code}, author={Rossum, Guido van and Warsaw, Barry and Coghlan, Nick}}
}

@inproceedings{witten2005practical,
  title={Practical machine learning tools and techniques},
  author={Witten, Ian H and Frank, Eibe and Hall, Mark A and Pal, CJ and DATA, MINING},
  booktitle={DATA MINING},
  volume={2},
  pages={4},
  year={2005}
}

@article{tsoumakas2007multi,
  title={Multi-label classification: An overview},
  author={Tsoumakas, Grigorios and Katakis, Ioannis},
  journal={International Journal of Data Warehousing and Mining (IJDWM)},
  volume={3},
  number={3},
  pages={1--13},
  year={2007},
  publisher={IGI Global}
}

@article{borchani2015survey,
  title={A survey on multi-output regression},
  author={Borchani, Hanen and Varando, Gherardo and Bielza, Concha and Larranaga, Pedro},
  journal={Wiley Interdisciplinary Reviews: Data Mining and Knowledge Discovery},
  volume={5},
  number={5},
  pages={216--233},
  year={2015},
  publisher={Wiley Online Library}
}


@article{boutsidis2014randomized,
  title={Randomized dimensionality reduction for $ k $-means clustering},
  author={Boutsidis, Christos and Zouzias, Anastasios and Mahoney, Michael W and Drineas, Petros},
  journal={IEEE Transactions on Information Theory},
  volume={61},
  number={2},
  pages={1045--1062},
  year={2014},
  publisher={IEEE}
}


@misc{guidophrase, title={Code is read more often than it is written}, url={https://daniel.scheufler.io/2016/12/27/code-is-read-more-often-than-it-is-written/}, 
  author={Daniel Scheuffler}, year={2016}
}

@misc{admirable_intro, title={ADMIRABLE Blog}, url={http://admirable-ubu.es}, note={\url{http://admirable-ubu.es}}, author={ADMIRABLE}, year={2022}}

@article{wang2011solution,
  title={Solution path for manifold regularized semisupervised classification},
  author={Wang, Gang and Wang, Fei and Chen, Tao and Yeung, Dit-Yan and Lochovsky, Frederick H},
  journal={IEEE Transactions on Systems, Man, and Cybernetics, Part B (Cybernetics)},
  volume={42},
  number={2},
  pages={308--319},
  year={2011},
  publisher={IEEE}
}

@article{wang2013semi,
  title={Semi-supervised learning using greedy max-cut},
  author={Wang, Jun and Jebara, Tony and Chang, Shih-Fu},
  journal={The Journal of Machine Learning Research},
  volume={14},
  number={1},
  pages={771--800},
  year={2013},
  publisher={JMLR. org}
}

@article{zhao2021safe,
  title={A Safe Semi-supervised Classification Algorithm Using Multiple Classifiers Ensemble},
  author={Zhao, Jianhua and Liu, Ning},
  journal={Neural Processing Letters},
  volume={53},
  number={4},
  pages={2603--2616},
  year={2021},
  publisher={Springer}
}

@article{rodriguez2014clustering,
  title={Clustering by fast search and find of density peaks},
  author={Rodriguez, Alex and Laio, Alessandro},
  journal={science},
  volume={344},
  number={6191},
  pages={1492--1496},
  year={2014},
  publisher={American Association for the Advancement of Science}
}

@article{adankon2011help,
  title={Help-training for semi-supervised support vector machines},
  author={Adankon, Mathias M and Cheriet, Mohamed},
  journal={Pattern Recognition},
  volume={44},
  number={9},
  pages={2220--2230},
  year={2011},
  publisher={Elsevier}
}

@article{gan2013using,
  title={Using clustering analysis to improve semi-supervised classification},
  author={Gan, Haitao and Sang, Nong and Huang, Rui and Tong, Xiaojun and Dan, Zhiping},
  journal={Neurocomputing},
  volume={101},
  pages={290--298},
  year={2013},
  publisher={Elsevier}
}

@article{wu2018self,
  title={Self-training semi-supervised classification based on density peaks of data},
  author={Wu, Di and Shang, Mingsheng and Luo, Xin and Xu, Ji and Yan, Huyong and Deng, Weihui and Wang, Guoyin},
  journal={Neurocomputing},
  volume={275},
  pages={180--191},
  year={2018},
  publisher={Elsevier}
}

@misc{SCRUMWIKI, title={Scrum (desarrollo de software)}, url={https://es.wikipedia.org/wiki/Scrum-(desarrollo-de-software)}, note={\url{https://es.wikipedia.org/wiki/Scrum-(desarrollo-de-software)}}, year={2022}}

@misc{SKLEARNGUIDELINES, title={Scikit-Learn Coding guidelines}, url={https://scikit-learn.org/stable/developers/develop.html#coding-guidelines}, year={2022}, author={scikit-learn developers}}

@article{triguero2014characterization,
  title={On the characterization of noise filters for self-training semi-supervised in nearest neighbor classification},
  author={Triguero, Isaac and S{\'a}ez, Jos{\'e} A and Luengo, Juli{\'a}n and Garc{\'\i}a, Salvador and Herrera, Francisco},
  journal={Neurocomputing},
  volume={132},
  pages={30--41},
  year={2014},
  publisher={Elsevier}
}

@misc{whatismlaas, title={What Is Machine Learning As A Service (MLaaS)?}, url={https://analyticsindiamag.com/what-is-machine-learning-as-a-service-mlaas/}, note={\url{https://analyticsindiamag.com/what-is-machine-learning-as-a-service-mlaas/}}, year={2018}, author={Jeevan Biswas }}

@misc{ISSSLRepo, title={Semi-Supervised Learnig and Instance Selection}, author={Daniel Puente Ramírez}, year={2022}, url={https://github.com/dpr1005/Semisupervised-learning-and-instance-selection-methods}, note={\url{https://github.com/dpr1005/Semisupervised-learning-and-instance-selection-methods}}}

@misc{UBUMLaaSRepo, title={UBUMLaaS}, author={Daniel Puente Ramírez}, year={2022}, url={https://github.com/dpr1005/UBUMLaaS}, note={\url{https://github.com/dpr1005/UBUMLaaS}}}

@misc{ISPyPI, title={Instance Selection PyPI}, author={Daniel Puente Ramírez}, year={2022}, url={https://pypi.org/project/InstanceSelectionDNX/}, note={\url{https://pypi.org/project/InstanceSelectionDNX/}}}

@misc{SSLPyPI, title={Semi-Supervised Learning PyPI}, author={Daniel Puente Ramírez}, year={2022}, url={https://pypi.org/project/SemiSupervisedLearningDNX/}, note={\url{https://pypi.org/project/SemiSupervisedLearningDNX/}}}

@misc{UBUMLaaSDocker, title={Contenedor Docker con UBUMLaaS desplegado.}, author={Daniel Puente Ramírez}, year={2022}, url={https://is.gd/cVe0DP}, note={\url{https://is.gd/cVe0DP}}}

@inbook{shvets2021, place={Kyiv, Kyiv}, edition={3rd}, title={Behavioral Design Patterns}, booktitle={Dive Into Design Patterns}, publisher={Refactoring.Guru}, author={Shvets, Alexander}, year={2021}, pages={381–392}} 

@article{de2021reliable,
  title={A reliable ensemble based approach to semi-supervised learning},
  author={de Vries, Sjoerd and Thierens, Dirk},
  journal={Knowledge-Based Systems},
  volume={215},
  pages={106738},
  year={2021},
  publisher={Elsevier}
}

@article{tanha2017semi,
  title={Semi-supervised self-training for decision tree classifiers},
  author={Tanha, Jafar and Van Someren, Maarten and Afsarmanesh, Hamideh},
  journal={International Journal of Machine Learning and Cybernetics},
  volume={8},
  number={1},
  pages={355--370},
  year={2017},
  publisher={Springer}
}

@inproceedings{guo2020safe,
  title={Safe deep semi-supervised learning for unseen-class unlabeled data},
  author={Guo, Lan-Zhe and Zhang, Zhen-Yu and Jiang, Yuan and Li, Yu-Feng and Zhou, Zhi-Hua},
  booktitle={International Conference on Machine Learning},
  pages={3897--3906},
  year={2020},
  organization={PMLR}
}

@inproceedings{li2016towards,
  title={Towards safe semi-supervised learning for multivariate performance measures},
  author={Li, Yu-Feng and Kwok, James T and Zhou, Zhi-Hua},
  booktitle={Thirtieth AAAI Conference on Artificial Intelligence},
  year={2016}
}

@article{li2019safe,
  title={Safe semi-supervised learning: a brief introduction},
  author={Li, Yu-Feng and Liang, De-Ming},
  journal={Frontiers of Computer Science},
  volume={13},
  number={4},
  pages={669--676},
  year={2019},
  publisher={Springer}
}

@article{li2019selfk,
  title={A self-training method based on density peaks and an extended parameter-free local noise filter for k nearest neighbor},
  author={Li, Junnan and Zhu, Qingsheng and Wu, Quanwang},
  journal={Knowledge-Based Systems},
  volume={184},
  pages={104895},
  year={2019},
  publisher={Elsevier}
}

@article{leyva2015three,
  title={Three new instance selection methods based on local sets: A comparative study with several approaches from a bi-objective perspective},
  author={Leyva, Enrique and Gonz{\'a}lez, Antonio and P{\'e}rez, Ra{\'u}l},
  journal={Pattern Recognition},
  volume={48},
  number={4},
  pages={1523--1537},
  year={2015},
  publisher={Elsevier}
}

@article{alcala2009keel,
  title={KEEL: a software tool to assess evolutionary algorithms for data mining problems},
  author={Alcal{\'a}-Fdez, Jes{\'u}s and S{\'a}nchez, Luciano and Garcia, Salvador and del Jesus, Maria Jose and Ventura, Sebastian and Garrell, Josep Maria and Otero, Jos{\'e} and Romero, Crist{\'o}bal and Bacardit, Jaume and Rivas, Victor M and others},
  journal={Soft Computing},
  volume={13},
  number={3},
  pages={307--318},
  year={2009},
  publisher={Springer}
}


@article{alcala2011keel,
  title={Keel data-mining software tool: data set repository, integration of algorithms and experimental analysis framework.},
  author={Alcal{\'a}-Fdez, Jes{\'u}s and Fern{\'a}ndez, Alberto and Luengo, Juli{\'a}n and Derrac, Joaqu{\'\i}n and Garc{\'\i}a, Salvador and S{\'a}nchez, Luciano and Herrera, Francisco},
  journal={Journal of Multiple-Valued Logic \& Soft Computing},
  volume={17},
  year={2011},
  publisher={Citeseer}
}

@article{van2020survey,
  title={A survey on semi-supervised learning},
  author={Van Engelen, Jesper E and Hoos, Holger H},
  journal={Machine Learning},
  volume={109},
  number={2},
  pages={373--440},
  year={2020},
  publisher={Springer}
}

@article{chapelle2009semi,
  title={Semi-supervised learning (chapelle, o. et al., eds.; 2006)[book reviews]},
  author={Chapelle, Olivier and Scholkopf, Bernhard and Zien, Alexander},
  journal={IEEE Transactions on Neural Networks},
  volume={20},
  number={3},
  pages={542--542},
  year={2009},
  publisher={IEEE}
}

@article{pedrycz1985algorithms,
  title={Algorithms of fuzzy clustering with partial supervision},
  author={Pedrycz, Witold},
  journal={Pattern recognition letters},
  volume={3},
  number={1},
  pages={13--20},
  year={1985},
  publisher={Elsevier}
}

@article{chen2010semi,
  title={Semi-supervised learning via regularized boosting working on multiple semi-supervised assumptions},
  author={Chen, Ke and Wang, Shihai},
  journal={IEEE Transactions on Pattern Analysis and Machine Intelligence},
  volume={33},
  number={1},
  pages={129--143},
  year={2010},
  publisher={IEEE}
}

@book{nemenyi1963distribution,
  title={Distribution-free multiple comparisons.},
  author={Nemenyi, Peter Bjorn},
  year={1963},
  publisher={Princeton University}
}

@article{friedman1937use,
  title={The use of ranks to avoid the assumption of normality implicit in the analysis of variance},
  author={Friedman, Milton},
  journal={Journal of the american statistical association},
  volume={32},
  number={200},
  pages={675--701},
  year={1937},
  publisher={Taylor \& Francis}
}

@book{lucon2018new,
  title={New Software for the Statistical Analysis and Qualification of NIST Charpy Verification Specimen Lots},
  author={Lucon, Enrico and Lucon, Enrico},
  year={2018},
  publisher={US Department of Commerce, National Institute of Standards and Technology}
}

@inbook{nist,
    author={National Institute of Standars and Technology},
    title={Engineering Statistics},
    chapter={Product and Process Comparisons},
    publisher={U.S. Department of Commerce},
    year={2012},
    doi = {https://doi.org/10.18434/M32189 }
}